<?xml version="1.0" encoding="UTF-8"?><collection xmlns="http://www.loc.gov/MARC21/slim"><record><leader>00335nam--2200121-i-4500</leader><controlfield tag="001">000025859</controlfield><controlfield tag="002">20161230</controlfield><controlfield tag="005">20161230201036</controlfield><controlfield tag="008">060222s1000------------r-----000-0-eng-d</controlfield><datafield ind1=" " ind2=" " tag="100"><subfield code="a">Kaiser, Rudolf</subfield></datafield><datafield ind1=" " ind2=" " tag="245"><subfield code="a">Gas phase chromatography. vol.3: tables for gas chromatography</subfield></datafield><datafield ind1=" " ind2=" " tag="260"><subfield code="a">London, Butterworths, 1963, Ix + 162p</subfield></datafield><datafield ind1=" " ind2=" " tag="852"><subfield code="a">19547</subfield></datafield></record></collection>